@book{Harchol-Balter:2013:PMD:2462638,
        author = {Harchol-Balter, Mor},
        title = {Performance Modeling and Design of Computer Systems: Queueing Theory in Action},
        year = {2013},
        isbn = {1107027500, 9781107027503},
        edition = {1st},
        publisher = {Cambridge University Press},
        address = {New York, NY, USA},
}
